@INPROCEEDINGS{1667626, 
author={H. Kaufmann and D. Schmalstieg}, 
booktitle={IEEE Virtual Reality Conference (VR 2006)}, 
title={Designing Immersive Virtual Reality for Geometry Education}, 
year={2006}, 
volume={}, 
number={}, 
pages={51-58}, 
keywords={Geometry education;computer supported collaborative work;augmented reality;user interface design;Virtual reality;Computer science education;User interfaces;Computational geometry;Collaborative work;Augmented reality;Educational technology;Computer interfaces;Information geometry;Mathematics;Geometry education;computer supported collaborative work;augmented reality;user interface design}, 
doi={10.1109/VR.2006.48}, 
ISSN={1087-8270}, 
month={March},}

@inproceedings{Kaufmann:2002:MGE:1242073.1242086,
 author = {Kaufmann, Hannes and Schmalstieg, Dieter},
 title = {Mathematics and Geometry Education with Collaborative Augmented Reality},
 booktitle = {ACM SIGGRAPH 2002 Conference Abstracts and Applications},
 series = {SIGGRAPH '02},
 year = {2002},
 isbn = {1-58113-525-4},
 location = {San Antonio, Texas},
 pages = {37--41},
 numpages = {5},
 url = {http://doi.acm.org/10.1145/1242073.1242086},
 doi = {10.1145/1242073.1242086},
 acmid = {1242086},
 publisher = {ACM},
 address = {New York, NY, USA},
 keywords = {augmented reality, geometry education, mathematics education, spatial intelligence},
} 

@article{article,
author = {Kaufmann, Hannes},
year = {2003},
month = {03},
pages = {},
title = {Collaborative Augmented Reality in Education}
}

@INPROCEEDINGS{Kaufmann_summaryof,
    author = {Hannes Kaufmann and Andreas Duenser},
    title = {Summary of Usability Evaluations of an Educational Augmented Reality Application},
    booktitle = {IN VIRTUAL REALITY, LECTURE NOTES IN COMPUTER SCIENCE 4563},
    year = {2007},
    pages = {660--669},
    publisher = {}
}

@INPROCEEDINGS{Klampfer, 
author={Klampfer Alfred. (2016).},
title={Virtual/Augmented Reality in Education. Analysis of the Potential Applications in the Teaching/Learning Process. },
booktitle={Athens: ATINER'S Conference Paper Series. EDU2017-2214. 1-25. },
}

@online{spatial,
url = {http://cty.jhu.edu/talent/docs/SpatialMore.pdf}
}

@online{vrnerds,
url = {https://www.vrnerds.de/die-geschichte-der-virtuellen-realitaet/}
}

@online{motionsickness,
url={https://www.brandeis.edu/graybiel/publications/docs/190_ms_encns.pdf}
}

@unknown{unknown,
author = {Kaufmann, Hannes and Steinbügl, Karin and Duenser, Andreas and Glück, Judith},
year = {2005},
month = {01},
pages = {},
title = {Improving Spatial Abilities by Geometry Education in Augmented Reality - Application and Evaluation Design Proceedings},
}

@inproceedings{GittlerDifferentialTO,
  title={Differential Transfer of Learning : Effects of Instruction in Descriptive Geometry on Spatial Test Performance},
  author={Georg Gittler and Judith Gl{\"u}ck}
}

@phdthesis{Bowman:1999:ITC:930593,
 author = {Bowman, Douglas A.},
 advisor = {Hodges, Larry F.},
 title = {Interaction Techniques for Common Tasks in Immersive Virtual Environments: Design, Evaluation, and Application},
 year = {1999},
 isbn = {0-599-56986-7},
 note = {AAI9953819},
 publisher = {Georgia Institute of Technology},
 address = {Atlanta, GA, USA},
}


@article{Hu-Au,
author={E. and Lee, J.J. (2017)},
title={Virtual reality in education: a tool for learning in the experience age},
booktitle={Int. J. Innovation in Education, Vol. 4, No.4, pp.215-226},
}












